<?xml version="1.0" encoding="UTF-8"?><collection><record><leader>07746ntm a2200625 a 4500</leader><controlfield tag="001">006782329</controlfield><controlfield tag="003">MiAaHDL</controlfield><controlfield tag="005">20190719000000.0</controlfield><controlfield tag="006">m        d        </controlfield><controlfield tag="007">cr bn ---auaua</controlfield><controlfield tag="008">090519q17101783xx            00| ||ara d</controlfield><datafield tag="035" ind1=" " ind2=" "><subfield code="a">(MiU)006782329</subfield></datafield><datafield tag="035" ind1=" " ind2=" "><subfield code="a">sdr-miu006782329</subfield></datafield><datafield tag="040" ind1=" " ind2=" "><subfield code="a">MiU</subfield><subfield code="c">MiU</subfield><subfield code="e">amremm</subfield></datafield><datafield tag="043" ind1=" " ind2=" "><subfield code="a">n-us-mi</subfield></datafield><datafield tag="100" ind1="1" ind2=" "><subfield code="6">880-01</subfield><subfield code="a">Bakrī, Muṣṭafá,</subfield><subfield code="d">1687 or 1688-1748 or 1749.</subfield></datafield><datafield tag="245" ind1="1" ind2="3"><subfield code="6">880-03</subfield><subfield code="a">[al-Fatḥ al-Qudsī wa-al-kashf al-unsī wa-al-manhaj al-qarīb ilá liqāʼ al-ḥabīb ... etc.,</subfield><subfield code="f">18th century].</subfield></datafield><datafield tag="260" ind1=" " ind2=" "><subfield code="c">[1710-1783].</subfield></datafield><datafield tag="300" ind1=" " ind2=" "><subfield code="a">98 leaves :</subfield><subfield code="b">paper ;</subfield><subfield code="c">155 x 111 (115-125 x 73-75) mm.</subfield></datafield><datafield tag="500" ind1=" " ind2=" "><subfield code="a">Shelfmark: Ann Arbor, University of Michigan, Special Collections Library, Isl. Ms. 527</subfield></datafield><datafield tag="500" ind1=" " ind2=" "><subfield code="a">Origin: As appears at opening on p.15, composition completed in the first part of Rabīʻ I 1122 [May 1710]. Lacks scribal colophon, though perhaps transcribed before the author's death in 1749. Paper certainly suggests 18th century and date of transcription for closing text provides a terminus ante quem of 1783. As appears in colophon on p.197, subsequent text listing the ṣaḥābah or Companions of the Prophet who took part in the battle of Badr copied by Ibrāhīm al-Ḥamāṣī ( ابراهيم الحماصي ) in Muḥarram 1198 [November-December 1783].</subfield></datafield><datafield tag="500" ind1=" " ind2=" "><subfield code="a">Accompanying materials: a. Acquisitions slip from Yahuda (pp.1-2) -- b. Inventory cataloguing slip in hand of Winifred Smeaton Thomas (pp.3-4).</subfield></datafield><datafield tag="500" ind1=" " ind2=" "><subfield code="a">Former shelfmark: From inner front cover and spine label, "IL 265" (likely supplied by Yahuda, see acquisitions slip).</subfield></datafield><datafield tag="500" ind1=" " ind2=" "><subfield code="a">Binding: Pasteboards covered in tan leather ; Type II binding (with flap) ; board linings in untinted laid paper ; upper and lower covers carry blind-stamped mandorla (filled with vegetal composition, compare Déroche class. OSd 3 and OSd 9), pendants and corner pieces ; design continues on envelope flap ; sewn in white thread, two stations ; worked chevron endbands in magenta and light yellow, good condition ; overall in fair condition though with considerable abrasion, some staining, etc. and ill-fitting (fore edge flap far too small and perhaps shrunk).</subfield></datafield><datafield tag="500" ind1=" " ind2=" "><subfield code="a">Support: European laid paper, mainly with 11 laid lines per cm. (horizontal), chain lines spaced 22-24 mm. apart (vertical), and watermark of grapes (raisin) with cartouche and crown above (see p.28, 54, 110, etc.), thin and transluscent, beige in color, lightly burnished ; another type with 9 laid lines per cm. (horizontal), chain lines spaced 21-22 mm. apart (vertical) and crown-star-crescent watermark (see p.156) ; some staining.</subfield></datafield><datafield tag="500" ind1=" " ind2=" "><subfield code="a">Decoration: Keywords, notabilia (side-heads), and section headings rubricated ; textual dividers in the form of red discs and three inverted commas.</subfield></datafield><datafield tag="500" ind1=" " ind2=" "><subfield code="a">Script: Naskh ; clear, somewhat stiff Syrian [?] hand ; partially seriffed with occasional right-sloping head-serifs on free-standing alif, deviating little from vertical, elongation of horizontal strokes, curvilinear descenders, some sweeping tails, pointing mainly in distinct dots though shīn marked with rightward-tilting inverted caret, alif maqṣūrah pointed as yāʼ, kāf mashqūqah preferred, lām-alif ligature often forming a closed loop ; list of the Companions who took part in the battle of Badr in a different hand.</subfield></datafield><datafield tag="500" ind1=" " ind2=" "><subfield code="a">Layout: Written in 15 and 9 lines per page ; for sections in verse written area divided to two columns ; frame-ruled.</subfield></datafield><datafield tag="500" ind1=" " ind2=" "><subfield code="a">Collation: iv, 8 V(80), VI+1 (93), II+1 (98) ; chiefly quinions ; catchwords present ; pagination in pencil, Western numerals, supplied during digitization (includes added flyleaves and inserts).</subfield></datafield><datafield tag="500" ind1=" " ind2=" "><subfield code="a">Colophon: [Aṣḥāb Badr] "محرره الفقير الحقير ابراهيم الحماصي الاصل نهار الخميس ... محرم في سنة ١١٩٨"</subfield></datafield><datafield tag="500" ind1=" " ind2=" "><subfield code="a">Incipit: "الحمد لله الذي اورد [من اراد] المقام المورود وخص اهل الاوراد من العباد بنفحات الجود ... وبعد فاعلم ايها المريد الملازم على اقتطاف ازهار الاوراد من رياض الامداد في حضرة الاسعاد اني لما رايت النفوس متعشقة في ذلك راغبة فيما هنالك لتنوير المسالك عز [عن] لي ان اضع للاخوان وردا يقتبسون من نوره في حندس الاوهام ... فهذا ورد يتلي في السحر نافع ان شاء الله تعالى لمن واظب عليه مع التدبر لمعانيه والتفهم لمبانيه فتح به على العبد الفقير والعاجز الحقير مصطفى بن كمال الدين بن علي بن كمال الدين الصديقي نسبا الخلوتي طريقة الحنفي مذهبا وكان ذلك في اوائل شهر ربيع الاول ايام زيارتنا لبيت المقدس في سنة الف ومائة واثنين وعشرين وسميته بالفتح القدسي والكشف الانسي والمنهج القريب الى لقاء الحبيب وكمل في مجلس لطيف واضفت اليه بعد ذلك قصيدة ميمية فتح بها علي سابقا وصلوات على النبي صلى الله عليه وسلم زدتهم الان وقصيدتي التي سميتها سابقا بالمنبلجة في الطريقة المنبلجة التي على وزن المتفرجة وزدته بعض توسلات وقد رتبته على حروف المعجم في اوائل توسلاته ليوكن ذلك اسهل في حفظ كلماته ..."</subfield></datafield><datafield tag="500" ind1=" " ind2=" "><subfield code="a">Title supplied by cataloguer from 'title page' (p.13) and opening matter on (p.15).</subfield></datafield><datafield tag="500" ind1=" " ind2=" "><subfield code="a">Ms. codex.</subfield></datafield><datafield tag="505" ind1="0" ind2=" "><subfield code="a">5. p.198-p.208 : [mainly blank, with an inventory, etc. in pencil].</subfield></datafield><datafield tag="505" ind1="0" ind2=" "><subfield code="a">4. p.174-p.197 : [Aṣḥāb Badr].</subfield></datafield><datafield tag="505" ind1="0" ind2=" "><subfield code="a">3. p.173 : [blank].</subfield></datafield><datafield tag="505" ind1="0" ind2=" "><subfield code="a">2. p.13-p.172 : al-Fatḥ al-qudsī wa-al-kashf al-unsī wa-al-manhaj al-qarīb ilá liqāʼ al-ḥabīb / Muṣṭafá ibn Kamāl al-Dīn ibn ʻAlī al-Ṣiddīqī al-Khalwatī al-Ḥanafī al-Bakrī.</subfield></datafield><datafield tag="505" ind1="0" ind2=" "><subfield code="a">1. p.5-p.12 : [blank].</subfield></datafield><datafield tag="510" ind1="4" ind2=" "><subfield code="a">Brockelmann, C. GAL,</subfield><subfield code="c">II 349-350, no.14 ; S II 477 no.14</subfield></datafield><datafield tag="520" ind1="8" ind2=" "><subfield code="a">Fine copy of the prayerbook of the Arab author and mystic Muṣṭfá ibn Kamāl al-Dīn ibn ʻAlī al-Ṣiddīqī al-Khalwatī al-Ḥanafī al-Bakrī (d.1749) including al-Fatḥ al-Qudsī or Wird al-saḥar followed by a list of the ṣaḥābah or Companions of the Prophet who took part in the battle of Badr.</subfield></datafield><datafield tag="538" ind1=" " ind2=" "><subfield code="a">Mode of access: Internet.</subfield></datafield><datafield tag="541" ind1=" " ind2=" "><subfield code="a">Acquired in 1926 from the bookseller Isaac Benjamin S.E. Yahuda via purchase transacted on his behalf by Abraham Shalom Yahuda (1877-1951), his younger brother.</subfield></datafield><datafield tag="546" ind1=" " ind2=" "><subfield code="a">Arabic.</subfield></datafield><datafield tag="561" ind1=" " ind2=" "><subfield code="a">Occasional marginal corrections ; notabilia (side-heads) marking the sections organized alphabetically.</subfield></datafield><datafield tag="650" ind1=" " ind2="0"><subfield code="a">Manuscripts, Arabic</subfield><subfield code="z">Michigan</subfield><subfield code="z">Ann Arbor.</subfield></datafield><datafield tag="650" ind1=" " ind2="0"><subfield code="a">Islam</subfield><subfield code="v">Prayers and devotions</subfield><subfield code="v">Early works to 1800.</subfield></datafield><datafield tag="650" ind1=" " ind2="0"><subfield code="a">Sufism</subfield><subfield code="v">Prayers and devotions</subfield><subfield code="v">Early works to 1800.</subfield></datafield><datafield tag="650" ind1=" " ind2="0"><subfield code="a">Khalwatīyah</subfield><subfield code="v">Prayers and devotions</subfield><subfield code="v">Early works to 1800.</subfield></datafield><datafield tag="740" ind1="0" ind2="2"><subfield code="6">880-05</subfield><subfield code="a">Aṣḥāb Badr</subfield></datafield><datafield tag="740" ind1="0" ind2="2"><subfield code="6">880-04</subfield><subfield code="a">Wird al-saḥar</subfield></datafield><datafield tag="773" ind1="0" ind2=" "><subfield code="a">Yahuda Collection.</subfield></datafield><datafield tag="880" ind1="0" ind2="2"><subfield code="6">740-05/</subfield><subfield code="a">اصحاب بدر</subfield></datafield><datafield tag="880" ind1="0" ind2="2"><subfield code="6">740-04/</subfield><subfield code="a">ورد السحر</subfield></datafield><datafield tag="880" ind1="1" ind2="2"><subfield code="6">245-03/</subfield><subfield code="a">[الفتح القدسي والكشف الانسي والمنهج القريب الى لقاء الحبيب ... الخ,</subfield><subfield code="f">القرن 18م].</subfield></datafield><datafield tag="880" ind1="1" ind2=" "><subfield code="6">100-01/</subfield><subfield code="a">بكري، مصطفى.</subfield></datafield><datafield tag="CID" ind1=" " ind2=" "><subfield code="a">006782329</subfield></datafield><datafield tag="DAT" ind1="0" ind2=" "><subfield code="a">20190719102635.0</subfield><subfield code="b">20190719000000.0</subfield></datafield><datafield tag="DAT" ind1="1" ind2=" "><subfield code="a">20190719090653.0</subfield><subfield code="b">2019-07-19T16:11:26Z</subfield></datafield><datafield tag="DAT" ind1="2" ind2=" "><subfield code="a">2015-10-02T18:00:03Z</subfield></datafield><datafield tag="CAT" ind1=" " ind2=" "><subfield code="a">SDR-MIU</subfield><subfield code="d">EX LIBRIS - ALEPH</subfield><subfield code="l">prepare.pl-004-008</subfield></datafield><datafield tag="FMT" ind1=" " ind2=" "><subfield code="a">BK</subfield></datafield><datafield tag="HOL" ind1=" " ind2=" "><subfield code="0">sdr-miu006782329</subfield><subfield code="a">MiU</subfield><subfield code="b">SDR</subfield><subfield code="c">MIU</subfield><subfield code="p">mdp.39015079125582</subfield><subfield code="s">MIU</subfield><subfield code="1">006782329</subfield></datafield><datafield tag="974" ind1=" " ind2=" "><subfield code="b">MIU</subfield><subfield code="c">MIU</subfield><subfield code="d">20190719</subfield><subfield code="s">lit-dlps-dc</subfield><subfield code="u">mdp.39015079125582</subfield><subfield code="y">1783</subfield><subfield code="r">pd</subfield><subfield code="q">bib</subfield><subfield code="t">non-US bib date2 &lt; 1879</subfield></datafield></record></collection>